<?xml version="1.0" encoding="UTF-8"?><collection xmlns="http://www.loc.gov/MARC21/slim"><record><leader>00474nam--2200169-i-4500</leader><controlfield tag="001">000031910</controlfield><controlfield tag="002">20161230</controlfield><controlfield tag="005">20161230201038</controlfield><controlfield tag="008">060222s1000------------r-----000-0-eng-d</controlfield><datafield ind1=" " ind2=" " tag="040"><subfield code="a">IFIN-HH</subfield></datafield><datafield ind1=" " ind2=" " tag="080"><subfield code="a">801.323.1=590:805.90</subfield></datafield><datafield ind1="1" ind2=" " tag="100"><subfield code="a">Mine, Kim</subfield></datafield><datafield ind1="1" ind2="0" tag="245"><subfield code="a">Japanese-english-russian physics dictionary</subfield><subfield code="b">Iaponsko-anglo-russkii fiziceskii slovari</subfield><subfield code="c">Kim mine</subfield></datafield><datafield ind1=" " ind2=" " tag="260"><subfield code="a">Moskva</subfield><subfield code="b">Russkii Iazik</subfield><subfield code="c">1982</subfield></datafield><datafield ind1=" " ind2=" " tag="300"><subfield code="a">885P</subfield></datafield><datafield ind1=" " ind2=" " tag="852"><subfield code="a">D.587</subfield></datafield><datafield ind1=" " ind2=" " tag="CAT"><subfield code="a">Sys</subfield><subfield code="c">20130306</subfield><subfield code="h">152413</subfield></datafield></record></collection>